% $Id$
% Public domain.


% This one from tb136inn.
@misc{typeed,
 title          = {{Typeset a page in under 10 minutes in InDesign}},
 autor          = {{{Type-Ed}}},
 year           = {2017},
 month          = {May},
 url            = {https://youtube.com/watch?v=VVIQE6kht8c},
 note           = {San Bruno, CA: YouTube}
}

@misc{doi-bare,
 title  = {{DOI} Bare},
 author = {Chris Doe},
 doi    = {10.47397/tb/43-2/tb134elec},
}

@article{dashify,
 title   = {Dashify},
 author  = {Chris Doe},
 journal = {TUGboat},
 year    = {1999},
 pages   = {A-B},
}

@article{nodashify,
 title   = {No Dashify},
 author  = {Chris Doe},
 journal = {TUGboat},
 year    = {1999},
 pages   = {A-B},
 pagesnodashify = 1,
}

@article{nummonth,
  title = "Numeric months are logical but annoying",
  author = {Chris Doe},
  journal = {Journal of Silly Questions},
  year = {2023},
  month = 3,
  volume = 44,
  number = 3,
}

@article{nummonthzero,
  title = "Numeric months are annoying but logical",
  author = {Terry Doe},
  journal = {Journal of Silly Questions},
  year = {2023},
  month = {03},
  volume = 44,
  number = 3,
}

@article{jtitle,
  title = "journaltitle field considered harmful",
  author = {Chris Doe},
  journaltitle = {TUGboat},
  year = {2023},
  volume = 44,
  number = 3,
}
